@article{mackinnon2011liberation,
  title={Liberation Technology: China's" Networked Authoritarianism"},
  author={MacKinnon, Rebecca},
  journal={Journal of democracy},
  volume={22},
  number={2},
  pages={32--46},
  year={2011},
  publisher={Johns Hopkins University Press}
}

 @misc{leskin2019, 
    title={Here are all the major US tech companies blocked behind China's 'Great firewall'}, 
    url={https://www.businessinsider.com/major-us-tech-companies-blocked-from-operating-in-china-2019-5}, 
    journal={Business Insider}, 
    publisher={Business Insider}, 
    author={Leskin, Paige},
    year={2019}
} 

 @misc{kan2013, 
    title={GitHub unblocked in China after former Google head slams its censorship}, 
    url={https://www.computerworld.com/article/2715282/github-unblocked-in-china-after-former-google-head-slams-its-censorship.html}, 
    journal={Computer World}, 
    publisher={Computer World}, 
    author={Kan, Michael},
    year={2013}
} 

 @misc{dohmke2023, 
    title={100 million developers and counting}, 
    url={https://github.blog/2023-01-25-100-million-developers-and-counting/}, 
    journal={Github Blog}, 
    publisher={Github Blog}, 
    author={Dohmke, Thomas},
    year={2023}
}

 @misc{vscode2023, 
    title={VS Code Marketplace}, 
    url={https://marketplace.visualstudio.com/search?target=VSCode&category=All\%20categories&sortBy=Installs}, 
    journal={VS Code Marketplace}, 
    publisher={VS Code Marketplace}, 
    author={VS Code},
    year={2023}
}

 @misc{debian2021, 
    title={Debian 11 "bullseye" released}, 
    url={https://www.debian.org/News/2021/20210814.en.html}, 
    journal={debian.org}, 
    publisher={debian.org}, 
    author={Debian},
    year={2021}
}

@techreport{dingledine2004tor,
  title={Tor: The second-generation onion router},
  author={Dingledine, Roger and Mathewson, Nick and Syverson, Paul},
  year={2004},
  institution={Naval Research Lab Washington DC}
}

@inproceedings{barradas2018effective,
  title={Effective detection of multimedia protocol tunneling using machine learning},
  author={Barradas, Diogo and Santos, Nuno and Rodrigues, Lu{\'\i}s},
  booktitle={27th $\{$USENIX$\}$ Security Symposium ($\{$USENIX$\}$ Security 18)},
  pages={169--185},
  year={2018}
}

@inproceedings{lin2022bert,
  title={Et-bert: A contextualized datagram representation with pre-training transformers for encrypted traffic classification},
  author={Lin, Xinjie and Xiong, Gang and Gou, Gaopeng and Li, Zhen and Shi, Junzheng and Yu, Jing},
  booktitle={Proceedings of the ACM Web Conference 2022},
  pages={633--642},
  year={2022}
}

@article{devlin2018bert,
  title={Bert: Pre-training of deep bidirectional transformers for language understanding},
  author={Devlin, Jacob and Chang, Ming-Wei and Lee, Kenton and Toutanova, Kristina},
  journal={arXiv preprint arXiv:1810.04805},
  year={2018}
}
@inproceedings{hayes2016k,
  title={k-fingerprinting: A Robust Scalable Website Fingerprinting Technique.},
  author={Hayes, Jamie and Danezis, George and others},
  booktitle={USENIX security symposium},
  pages={1187--1203},
  year={2016}
}

@misc{srinam2018,
  doi = {10.48550/ARXIV.1801.02265},
  url = {https://arxiv.org/abs/1801.02265},
  author = {Sirinam, Payap and Imani, Mohsen and Juarez, Marc and Wright, Matthew},
  keywords = {Cryptography and Security (cs.CR), FOS: Computer and information sciences, FOS: Computer and information sciences},
  title = {Deep Fingerprinting: Undermining Website Fingerprinting Defenses with Deep Learning},
  publisher = {arXiv},
  year = {2018},
  copyright = {arXiv.org perpetual, non-exclusive license}
}

 @misc{w3techs, 
  title={Usage statistics of default protocol HTTPS for websites},
  author={w3techs},
  url={https://w3techs.com/technologies/details/ce-httpsdefault}, 
  journal={W3Techs},
  year={2023}
 } 

 @inproceedings{herrmann2009website,
  title={Website fingerprinting: attacking popular privacy enhancing technologies with the multinomial na{\"\i}ve-bayes classifier},
  author={Herrmann, Dominik and Wendolsky, Rolf and Federrath, Hannes},
  booktitle={Proceedings of the 2009 ACM workshop on Cloud computing security},
  pages={31--42},
  year={2009}
}
@article{cherubin2017bayes,
  title={Bayes, not na{\"\i}ve: Security bounds on website fingerprinting defenses},
  author={Cherubin, Giovanni},
  journal={Proceedings on Privacy Enhancing Technologies},
  volume={2017},
  number={4},
  pages={215--231},
  year={2017}
}

@article{cheng1998traffic,
  title={Traffic analysis of SSL encrypted web browsing},
  author={Cheng, Heyning and Avnur, Ron},
  journal={Project paper, University of Berkeley},
  year={1998},
  publisher={Citeseer}
}

@inproceedings{wagner1996analysis,
  title={Analysis of the SSL 3.0 protocol},
  author={Wagner, David and Schneier, Bruce and others},
  booktitle={The Second USENIX Workshop on Electronic Commerce Proceedings},
  volume={1},
  number={1},
  pages={29--40},
  year={1996}
}

@inproceedings{panchenko2011website,
  title={Website fingerprinting in onion routing based anonymization networks},
  author={Panchenko, Andriy and Niessen, Lukas and Zinnen, Andreas and Engel, Thomas},
  booktitle={Proceedings of the 10th annual ACM workshop on Privacy in the electronic society},
  pages={103--114},
  year={2011}
}

@inproceedings{cai2012touching,
  title={Touching from a distance: Website fingerprinting attacks and defenses},
  author={Cai, Xiang and Zhang, Xin Cheng and Joshi, Brijesh and Johnson, Rob},
  booktitle={Proceedings of the 2012 ACM conference on Computer and communications security},
  pages={605--616},
  year={2012}
}

@inproceedings{juarez2014critical,
  title={A critical evaluation of website fingerprinting attacks},
  author={Juarez, Marc and Afroz, Sadia and Acar, Gunes and Diaz, Claudia and Greenstadt, Rachel},
  booktitle={Proceedings of the 2014 ACM SIGSAC Conference on Computer and Communications Security},
  pages={263--274},
  year={2014}
}

@inproceedings{sirinam2018deep,
  title={Deep fingerprinting: Undermining website fingerprinting defenses with deep learning},
  author={Sirinam, Payap and Imani, Mohsen and Juarez, Marc and Wright, Matthew},
  booktitle={Proceedings of the 2018 ACM SIGSAC Conference on Computer and Communications Security},
  pages={1928--1943},
  year={2018}
}

@inproceedings{sirinam2019triplet,
  title={Triplet fingerprinting: More practical and portable website fingerprinting with n-shot learning},
  author={Sirinam, Payap and Mathews, Nate and Rahman, Mohammad Saidur and Wright, Matthew},
  booktitle={Proceedings of the 2019 ACM SIGSAC Conference on Computer and Communications Security},
  pages={1131--1148},
  year={2019}
}

@article{rimmer2017automated,
  title={Automated website fingerprinting through deep learning},
  author={Rimmer, Vera and Preuveneers, Davy and Juarez, Marc and Van Goethem, Tom and Joosen, Wouter},
  journal={arXiv preprint arXiv:1708.06376},
  year={2017}
}

@inproceedings{ho1995random,
  title={Random decision forests},
  author={Ho, Tin Kam},
  booktitle={Proceedings of 3rd international conference on document analysis and recognition},
  volume={1},
  pages={278--282},
  year={1995},
  organization={IEEE}
}